%! Author = K.Grodek
%! Date = 20.05.2023

@book{szeliga,
    title = {Data Science i uczenie maszynowe},
    author = {Marcin Szeliga},
    year = {2017},
    publisher = {PWN}
}

@book{repetytorium,
    title = {Repetytorium ze statystyki},
    author = {Mariola Pi≈Çatowska},
    year = {2006},
    publisher = {PWN}
}

@book{the-art,
    title = {The art of Statistics},
    author = {David Spiegelhalter},
    year = {2019},
    publisher = {Pelican Books}
}

@online{wiki-roc,
    author = "Wikipedia",
    title = "Receiver operating characteristic",
    url  = "https://en.wikipedia.org/wiki/Receiver_operating_characteristic"
}

@online{wiki-cm,
    author = "Wikipedia",
    title = "Confusion matrix",
    url  = "https://en.wikipedia.org/wiki/Confusion_matrix"
}

@online{czakon-f1,
    author = "Jakub Czakon",
    title = "F1 Score vs ROC AUC vs Accuracy vs PR AUC: Which Evaluation Metric Should You Choose?",
    url  = "https://neptune.ai/blog/f1-score-accuracy-roc-auc-pr-auc#comparison"
}

@online{scikitlearn,
    author = "Scikit-learn",
    title = "Standardization, or mean removal and variance scaling",
    url  = "https://scikit-learn.org/stable/modules/preprocessing.html#standardization-or-mean-removal-and-variance-scaling"
}
